%---------------------------------------------------------------------------%
%-                                                                         -%
%-                             Bibliography                                -%
%-                                                                         -%
%---------------------------------------------------------------------------%

@article{vapnik2021-priviate-communication,
year = {2021},
author = {Vladimir Vapnik},
title = {private communication}
}

@article{vovk2021-priviate-communication,
year = {2021},
author = {Vladimir Vovk},
title = {private communication}
}


@proceedings{Zheng2017,
  title={Improving MRI-based diagnosis of Alzheimer's disease via an ensemble privileged information learning algorithm},
  author={Zheng, Xiao and Shi, Jun and Zhang, Qi and Ying, Shihui and Li, Yan},
  journal={{2017 IEEE 14th International Symposium on Biomedical Imaging (ISBI 2017)}},
  pages={456--459},
  year={2017},
}

@article{Hahn2019,
Author = {Carsten Hahn and Thomy Phan and Thomas Gabor and Lenz Belzner and Claudia Linnhoff-Popien},
Title = {Emergent Escape-based Flocking Behavior using Multi-Agent Reinforcement Learning},
Year = {2019},
journal = {arXiv:1905.04077},
}

@article{Lan2020,
  year = {2020},
  month = oct,
  publisher = {Elsevier {BV}},
  volume = {410},
  pages = {410--418},
  author = {Xuejing Lan and Yiwen Liu and Zhijia Zhao},
  title = {Cooperative control for swarming systems based on reinforcement learning in unknown dynamic environment},
  journal = {Neurocomputing}
}

@article{Khan2020,
  year = {2020},
  publisher = {Elsevier {BV}},
  volume = {57},
  pages = {100715},
  author = {Md Mohiuddin Khan and Kathryn Kasmarik and Michael Barlow},
  title = {Autonomous detection of collective behaviours in swarms},
  journal = {Swarm and Evolutionary Computation}
}

@book{hls2012jinji,
    author       = {哈里森·沃尔德伦},
    key          = {Haliseng Woerdelun},
    translator   = {谢远涛},
    title        = {经济数学与金融数学},
    address      = {北京},
    publisher    = {中国人民大学出版社},
    year         = {2012},
    pages        = {235--236},
}

@incollection{chen1980zhongguo,
    author       = {陈晋镳 and 张惠民 and 朱士兴 and 赵震 and 王振刚},
    key          = {Chen Jing Ao Zhang Hui Ming Zhu Shi Xing Zhao Zhen Wang Zhen Gang},
    title        = {蓟县震旦亚界研究},
    editor       = {中国地质科学院天津地质矿产研究所},
    booktitle    = {中国震旦亚界},
    address      = {天津},
    publisher    = {天津科学技术出版社},
    year         = {1980},
    pages        = {56--114},
}

@proceedings{niu2013zonghe, 
    editor       = {牛志明 and 斯温兰德 and 雷光春},
    key          = {Niu Zhi Ming Siwenlande Lei Guang Chun},
    title        = {综合湿地管理国际研讨会论文集},
    address      = {北京},
    publisher    = {海洋出版社},
    year         = {2013},
}


@Book{vovk-harris-Gammerman2015,
editor = {Vladimir Vovk and Harris Papadopoulos and Alexander Gammerman},
publisher = {Springer International Publishing Switzerland},
title = {{Measures of Complexity, Festschrift for Alexey Chervonenkis}},
year = {2015}
}

@Book{Husserl-five-lectures,
    title={现象学的观念——五篇讲座稿},
    translator   = {倪梁康},
    author={Edmund Husserl},
    publisher={商务印书馆},
    year={2019}
}

@Book{zhangxuegong2000,
    title={统计学习理论的本质},
    translator   = {张学工},
    author={Vladimir Vapnik},
    publisher={清华大学出版社},
    year={2000}
}

@Book{zhangxuegong2003,
    title={统计学习理论},
    translator={许建华 and 张学工},
    author={Vladimir Vapnik},
    publisher={电子工业出版社},
    year={2003}
}

@Book{Lerner1980,
    title={控制论基础},
    translator = {刘定一},
    author={Alexander Lerner},
    publisher={科学出版社},
    year={1980}
}

@Book{niliangkang1994,
    title={现象学及其效应——胡塞尔与当代德国哲学},
    author={倪梁康},
    publisher={生活·读书·新知三联书店},
    year={1994}
}

@Book{Marx1881,
    title={Mathematical Manuscripts},
    author={Karl Marx},
    translator = {Andy Blunden and Gabriel Silva},
    publisher={New Park Publications (1983)},
    year={1881}
}

@article{Shafer2022,
  year = {2022},
  month = feb,
  publisher = {Elsevier {BV}},
  volume = {141},
  pages = {183--189},
  author = {Glenn Shafer},
  title = {{So much data. Who needs probability? Have we been here before?}},
  journal = {International Journal of Approximate Reasoning}
}


@Book{vapnik1984,
    title={{Алгоритмы и программы восстановления зависимостей(Algorithms and Programs for Recovering Dependencies)}},
    author={Vladimir Vapnik},
    publisher={Moscow},
    year={1984}
}

@article{Faffelberger1980,
  title={A Review of:“THEORIE DER ZEICHENERKENNUNG” WN Wapnik and AJ Tscherwonenkis, Akademie-Verlag Berlin, 1979, 343 pages, 33 illustrations, Edited by F. de P. HANIKA},
  author={Faffelberger, J},
  journal={Cybernetics And Systems},
  volume={11},
  number={1-2},
  pages={193--194},
  year={1980},
  publisher={Taylor \& Francis}
}

@Book{Fisher1956,
    title={{统计方法和科学推断}},
    translator = {杨艳秋 and 程晓亮 and 王晓红},
    author={R. A. Fisher},
    publisher={哈尔滨工业大学出版社 (2021年中文版)},
    year={1956}
}

@Book{Cantor1915,
    title={超穷数理论基础},
    translator   = {陈杰 and 刘晓力},
    author={格奥尔格·康托},
    publisher={商务印书馆 (2017年重印)},
    year={1915}
}

@Book{wuxiaoming2022,
    title={马克思早期思想的逻辑发展},
    author={吴晓明},
    publisher={上海人民出版社},
    year={2022}
}

@Book{wuxiaoming2017,
    title={形而上学的没落——马克思与费尔巴哈关系的当代解读},
    author={吴晓明},
    publisher={北京师范大学出版社},
    year={2017}
}

@Book{wangdefeng2000,
    title={哲学导论},
    author={王德峰},
    publisher={上海人民出版社},
    year={2000}
}

@Book{wangdefeng2005,
    title={马克思的哲学革命及其当代意义——存在论新境遇的开启},
    author={吴晓明 and 王德峰},
    publisher={人民出版社},
    year={2005}
}

@Book{Husserl1937,
    title={欧洲科学的危机与超越论的现象学},
    author={Edmund Husserl},
    translator = {王炳文},
    publisher={商务印书馆 (2017版)},
    year={1937}
}

@Book{popper1990,
    title={科学发现的逻辑},
    author={Karl Popper},
    translator = {查汝强 and 邱仁宗 and 万木春},
    publisher={中国美术学院出版社 (2007年版)},
    year={1990}
}

@Book{popper1959,
    title={历史决定论的贫困},
    author={Karl Popper},
    translator = {杜汝楫 and 邱仁宗},
    publisher={上海人民出版社 (2009年版)},
    year={1959}
}

@Book{Husser1928,
    title={经验与判断},
    author={埃德蒙德·胡塞尔},
    translator = {邓晓芒 and 张廷国},
    publisher={生活·读书·新知三联书店 (1999年版)},
    year={1948}
}

@Book{Husser1948-en,
    title={{Experience and Judgment, Invertigations in a Genealogy of Logic}},
    author={Edmund Husserl},
    translator = {James S. Churchill and Karl Ameriks},
    publisher={Routledge \& Kegan Paul, London},
    year={1948}
}

@Book{Kolmogorov1933,
    title={{Grundbegriffe der Wahrscheinlichkeitsrechnung}},
    author={Andrei N. Kolmogorov},
    publisher={Springer, Berlin},
    year={1933}
}

@Book{Rosenblatt1962,
    title={{Principles of Neurodynamics: Perceptrons and the Theory of Brain Mechanisms}},
    author={Frank Rosenblatt},
    publisher={Spartan Books, Washington, D.C},
    year={1962}
}


@Book{Chervonenkis2013,
    title={{Computer Data Analysis (in Russian)}},
    author={Alexey Chervonenkis},
    publisher={Yandex, Moscow},
    year={2013}
}


@Book{Heidegger1966,
    title={基础概念},
    author={海德格尔},
    translator = {张柯},
    publisher={商务印书馆 （2017年印）},
    year={1966}
}

@Book{Kolmogorov-en-1956,
    title={{Foundations of the Theory of Probability (English translation by Nathan Morrison, 2ed)}},
    author={Andrei N. Kolmogorov},
    publisher={Chelsea, New York},
    year={1956}
}

@Book{Kolmogorov-en-1991,
    title={{On the papers on the theory of functions and set theory}},
    author={Andrei N. Kolmogorov},
    publisher={Selected Works of A.N. Kolmogorov, Volume I, Kluwer Academic Publishers},
    year={1991}
}

@Book{Kolmogorov-en-1931-analytical,
    title={{On analytical methods in probability theory}},
    author={Andrei N. Kolmogorov},
    publisher={Selected Works of A.N. Kolmogorov, Volume II, Kluwer Academic Publishers},
    year={1931}
}

@Book{Kolmogorov-en-1946-leastsquare,
    title={{Justification of the method of least squares}},
    author={Andrei N. Kolmogorov},
    publisher={Selected Works of A.N. Kolmogorov, Volume II, Kluwer Academic Publishers},
    year={1946}
}

@Book{Kolmogorov-en-1983,
    title={{On the logical foundations of probability theory}},
    author={Andrei N. Kolmogorov},
    publisher={Selected Works of A.N. Kolmogorov, Volume II, Kluwer Academic Publishers},
    year={1983}
}

@Book{Finetti1975,
    title={{Theory of Probability: a critical introductory treatment (English translation by Antonio Machi, Adrian Smith)}},
    author={{Bruno de Finetti}},
    publisher={John Wiley},
    year={1975}
}

@Book{Hilbert1950,
  year = {1950},
  author = {David Hilbert and Wilhelm Ackermann},
  title = {{Grundz\"{u}ge der Theoretischen Logik (Principles of Mathematical Logic)}},
  publisher = {AMS Chelsea Publishing (English translation, 1950 (2nd Ed.))},
}

@article{CDenis1990,
    title={{R.A. Fisher} and the development of statistics - a view in his centerary year},
    author={Conniffe, Denis},
    journal={Journal of the Statistical and Social Inquiry Society of Ireland},
    year={1991}
}

@misc{dempfle2018ra,
  title={RA Fisher and the development of statistics},
  author={Dempfle, Leo},
  journal={Journal of Animal Breeding and Genetics},
  volume={135},
  number={5},
  pages={333--334},
  year={2018},
  publisher={Wiley Online Library}
}

@article{Malyutov2018,
  title={{Statistician and Mathematician. Ronald Fisher and Andrey Kolmogorov: A Distant Strained Relationship}},
  author={Malyutov M},
  journal={Информационные процессы},
  volume={18},
  number={4},
  pages={296--303},
  year={2018},
  publisher={Федеральное государственное бюджетное учреждение науки Институт проблем~…}
}

@article{Aleksandrova2021,
  title = 	 {Impact of model-agnostic nonconformity functions on efficiency of conformal classifiers: an extensive study},
  author =       {Aleksandrova, Marharyta and Chertov, Oleg},
  year = 	 {2021},
  volume = 	 {152},
  pages={151--170},
  journal = 	 {Proceedings of Machine Learning Research},
}


@Article{Vapnik-rethinking-2018,
  author    = {Vladimir Vapnik and Rauf Izmailov},
  journal   = {Machine Learning},
  title     = {{Rethinking statistical learning theory: learning using statistical invariants}},
  volume={108},
  number={3},
  pages={381--423},
  year      = {2018},
}

@Article{Vapnik-Intelligent-Learning-2018,
  author    = {Vladimir Vapnik and Rauf Izmailov},
  journal   = {Air Force Research Laboratory, AF Office Of Scientific Research (AFOSR)\/RTA2},
  title     = {{Intelligent Learning: Final Report}},
  year      = {2018},
}

@Article{Vapnik-PPAML-2017,
  author    = {Vladimir Vapnik and Rauf Izmailov},
  journal   = {Air Force Research Laboratory, Information Directorate},
  title     = {{Probabilistic Programming for Advanced Machine Learning (PPAML) - Discriminative Learning for Generative Tasks (DILIGENT)}},
  year      = {2017},
}


@Article{Vapnik-Synergy-2016,
  author    = {Vladimir Vapnik and Rauf Izmailov},
  journal   = {Journal of Machine Learning Research},
  title     = {Synergy of Monotonic Rules},
  volume={17},
  number={1},
  pages={4722--4754},
  year      = {2016},
}


@article{Cortes1995,
  year = {1995},
  author = {Corinna Cortes and Vladimir Vapnik},
  title = {Support-vector networks},
  volume={20},
  pages={273--297},
  journal = {Machine Learning}
}

@article{Zainab2020,
Author = {Zainab Abohashima and Mohamed Elhosen and Essam H. Houssein and Waleed M. Mohamed},
Title = {Classification with Quantum Machine Learning: A Survey},
Year = {2020},
journal = {arXiv:2006.12270},
}

@article{Guyon2016,
Author = {Isabelle Guyon},
Title = {{Data Mining History: The Invention of Support Vector Machines}},
Year = {2016},
url = {https://www.kdnuggets.com/2016/07/guyon-data-mining-history-svm-support-vector-machines.html},
}

@proceedings{CabreroHolgueras2021,
  year = {2021},
  volume = {2021},
  number = {4},
  pages = {139--162},
  author = {Jos{\'{e}} Cabrero-Holgueras and Sergio Pastrana},
  title = {{SoK}: Privacy-Preserving Computation Techniques for Deep Learning},
  journal = {Proceedings on Privacy Enhancing Technologies}
}

@article{Greenland2016,
  year = {2016},
  author = {Sander Greenland and Stephen J. Senn and Kenneth J. Rothman and John B. Carlin and Charles Poole and Steven N. Goodman and Douglas G. Altman},
  title = {Statistical tests,  P values,  confidence intervals,  and power: a guide to misinterpretations},
  volume={31},
  pages={337--350},
  journal = {European journal of Epidemiology}
}



@Article{Vapnik2008,
  author       = {Vladimir Vapnik and Akshay Vashist and Natalya Pavlovitch},
  journal      = {NATO Science for Peace and Security Series, D: Information and Communication Security},
  title        = {Learning using hidden information: Master-class learning},
  pages={3--14},
  year         = {2008},
}

@proceedings{2009Learning,
  author  = {Vladimir Vapnik and Akshay Vashist and Natalya Pavlovitch},
  journal = {Proceedings of the 2009 international joint conference on Neural Networks},
  title   = {Learning using hidden information (learning with teacher)},
  pages={3188--3195},
  year    = {2009},
}

@Article{Vapnik2009,
  author    = {Vladimir Vapnik and Akshay Vashist},
  journal   = {Neural Networks},
  title     = {A new learning paradigm: Learning using privileged information},
  volume={22},
  number={5-6},
  pages={544--557},
  year      = {2009},
}

@proceedings{Flocks1987,
  author  = {Reynolds, C. W.},
  publisher = {Proceedings of the 14th annual conference on Computer graphics and interactive techniques},
  title   = {Flocks, herds and schools : a distributed behavior model},
  year    = {1987},
  pages={25--34},
  volume  = {25},
}

@Article{vapniktalk2015,
  author  = {Vladimir Vapnik},
  journal = {Invited Talk},
  title   = {Brute force and intelligent methods of learning},
  year    = {2015},
  url     = {http://stat.rutgers.edu/home/hcrane/seminar/vapnik.html},
}

@Article{wuxiaom2021,
  author  = {吴晓明},
  journal = {通识教育科学讲座},
  title   = {科学哲学},
  year    = {2021},
}

@Article{vapniktalk2022,
  author  = {Vladimir Vapnik},
  journal = {Invited Talk},
  title   = {{Development of learning theory from Mathematical, Algorithmic and Philosophical Points of View}},
  year    = {2022},
}

@Article{vapniktalk2022-02,
  author  = {Vladimir Vapnik},
  journal = {AFRL Invited Talk},
  title   = {{Science of the Future Autonomous Research: What's the Next Big Questions in AI}},
  year    = {2022},
}

@Article{vapnikinterview2014,
  author  = {Vladimir Vapnik},
  url = {https://www.learningtheory.org/learning-has-just-started-an-interview-with-prof-vladimir-vapnik/},
  title   = {{“Learning Has Just Started” —— an interview with Prof. Vladimir Vapnik}},
  journal = {Association for Computational Learning},
  year    = {2014},
}


@proceedings{vapnik2020,
  title = 	 {Complete statistical theory of learning: learning using statistical invariants},
  author =   {Vladimir Vapnik and Rauf Izmailov},
  publisher = 	{Proceedings of the Ninth Symposium on Conformal and Probabilistic Prediction and Applications},
  year = 	 {2020},
}


@Article{2006Hedging,
  title={Hedging predictions in machine learning},
  author={Gammerman, Alexander and Vovk, Vladimir},
  journal={The Computer Journal},
  volume={50},
  number={2},
  pages={151--163},
  year={2007},
  publisher={OUP}
}

@Book{vapnik1979,
  author  = {Vladimir Vapnik},
  publisher = {Moscow: Nauka},
  title   = {{Estimation of Dependences Based on Empirical Data ({in Russian})}},
  year    = {1979},
}

@Book{vapnik1982,
  author  = {Vladimir Vapnik},
  publisher = {New York: Springer-Verlag},
  title   = {{Estimation of Dependences Based on Empirical Data}},
  year    = {1982},
}

@Book{vapnik2023,
  author  = {Vladimir Vapnik},
  publisher = {手稿},
  title   = {基于经验数据的相依关系估计 (席泽璞 译)},
  year    = {2023},
}

@Book{Fourier1822,
  author  = {Joseph Fourier},
  publisher = {高等教育出版社},
  title   = {The Analytical Theory of Heat (热的解析理论, 2016年影印版)},
  year    = {1822},
}

@Book{vapnik1998,
  author  = {Vladimir Vapnik},
  publisher = {Wiley-Interscience},
  title   = {{Statistical Learning Theory}},
  year    = {1998},
}

@Book{vapnik1995,
  author  = {Vladimir Vapnik},
  address = {New York},
  publisher = {Springer-Verlag},
  title   = {{The Nature of Statistical Learning Theory}},
  year    = {1995},
}

@Book{vovk2005algorithmic,
  author  = {Vladimir Vovk and Alexander Gammerman and Glenn Shafer},
  publisher = {Springer Science {\&} Business Media},
  title   = {{Algorithmic Learning in a Random World}},
  year    = {2005},
}

@Book{vovk2022algorithmic,
  author  = {Vladimir Vovk and Alexander Gammerman and Glenn Shafer},
  publisher = {Springer Science {\&} Business Media},
  title   = {{Algorithmic Learning in a Random World}, (2nd {Edition})},
  year    = {2022},
}

@Book{wangdefeng-xianxiangxue-2005,
  author  = {王德峰},
  publisher = {人民出版社},
  title   = {{论马克思哲学对现象学原则的包含和超越}},
  year    = {2005},
}

@proceedings{soton1999,
	publisher = {Sixteenth International Conference on Machine Learning (ICML-1999) (01/01/99)},
	title = {Machine-Learning Applications of Algorithmic Randomness},
	author = {Vladimir Vovk and Alexander Gammerman and Craig Saunders},
	year = {1999},
}

@Article{Vovk1993,
  title={A logic of probability, with application to the foundations of statistics},
  author={Vovk, Vladimir G},
  journal={{Journal of the Royal statistical society: series B (Methodological)}},
  volume={55},
  number={2},
  pages={317--341},
  year={1993},
  publisher={Wiley Online Library}
}

@Article{Vapnik2019,
  title={Complete statistical theory of learning},
  author={Vapnik, Vladimir Naumovich},
  journal={Automation and Remote Control},
  volume={80},
  pages={1949--1975},
  year={2019},
  publisher={Springer}
}

@Article{Vapnik-context-2021,
  author    = {Vladimir Vapnik},
  url   = {https://www.afrl.af.mil/ACT3/},
  title     = {{About the Autonomy Capability Team (ACT3)// Context: "……the Vapnik issue is, without context, the future of machine learning will reach an impasse…"}},
  year      = {2021},
}

@Article{Vapnik-deep-2018,
  author    = {Vladimir Vapnik},
  url   = {https://www.afit.edu/en/news.cfm?article=0A6742},
  title     = {{AFIT Distinguished Speaker Series Focuses on New Learning Paradigm// Context: "... LUSI describe a complete theory of learning and can be considered as a mathematical alternative to 'deep learning'. ..."}},
  year      = {2018},
}

@proceedings{Bottou1994,
  author={Bottou, L. and Cortes, C. and Denker, J.S. and Drucker, H. and Guyon, I. and Jackel, L.D. and LeCun, Y. and Muller, U.A. and Sackinger, E. and Simard, P. and Vapnik, V.},
  publisher={{Proceedings of the 12th IAPR International Conference on Pattern Recognition}}, 
  title={Comparison of classifier methods: a case study in handwritten digit recognition}, 
  year={1994},}


@Article{Cybenko1989,
  title={Approximation by superpositions of a sigmoidal function},
  author={Cybenko, George},
  journal={Mathematics of control, signals and systems},
  volume={2},
  number={4},
  pages={303--314},
  year={1989},
  publisher={Springer}
}

@Article{2003Universal,
  title={A universal well-calibrated algorithm for on-line classification},
  author={Vovk, Vladimir},
  journal={The Journal of Machine Learning Research},
  volume={5},
  pages={575--604},
  year={2004},
  publisher={JMLR. org}
}

@article{Lei2015,
  title={A conformal prediction approach to explore functional data},
  author={Lei, Jing and Rinaldo, Alessandro and Wasserman, Larry},
  journal={Annals of Mathematics and Artificial Intelligence},
  volume={74},
  pages={29--43},
  year={2015},
  publisher={Springer}
}

@Article{Saunders1999,
  author    = {Craig Saunders and Alexander Gammerman and Vladimir Vovk},
  journal   = {Journal of Machine Learning Research},
  title     = {Transduction with confidence and credibility},
  year      = {1999}
}

@article{MartinBarragan2014,
  title={Interpretable support vector machines for functional data},
  author={Martin-Barragan, Belen and Lillo, Rosa and Romo, Juan},
  journal={European Journal of Operational Research},
  volume={232},
  number={1},
  pages={146--155},
  year={2014},
  publisher={Elsevier}
}

@article{Rossi2006,
  title={Support vector machine for functional data classification},
  author={Rossi, Fabrice and Villa, Nathalie},
  journal={Neurocomputing},
  volume={69},
  number={7-9},
  pages={730--742},
  year={2006},
  publisher={Elsevier}
}

@article{Hyndman2007,
  title={Robust forecasting of mortality and fertility rates: A functional data approach},
  author={Hyndman, Rob J and Ullah, Md Shahid},
  journal={Computational Statistics \& Data Analysis},
  volume={51},
  number={10},
  pages={4942--4956},
  year={2007},
  publisher={Elsevier}
}

@article{Victor2018,
Author = {Victor Chernozhukov and Kaspar Wuthrich and Yinchu Zhu},
Title = {Exact and Robust Conformal Inference Methods for Predictive Machine Learning With Dependent Data},
Year = {2018},
journal = {arXiv:1802.06300},
}

@proceedings{Xu2021,
  title = 	 {Conformal prediction interval for dynamic time-series},
  author =       {Xu Chen and Xie Yao},
  year = 	 {2021},
  pages={11559--11569},
  publisher = 	 {International Conference on Machine Learning},
}

@article{Dashevskiy2011,
  title={Time series prediction with performance guarantee},
  author={Dashevskiy, Mikhail and Luo, Zhiyuan},
  journal={IET communications},
  volume={5},
  number={8},
  pages={1044--1051},
  year={2011},
  publisher={IET}
}

@Book{Husserl2019,
  author    = {Edmund Husserl},
  title     = {Logic and general theory of science},
  year      = {2019},
  publisher = {Springer International Publishing},
}

@Book{Tikhonov1977,
  author    = {Andrey N. Tikhonov and Vasiliy Y. Arsenin},
  translator = {Fritz John},
  title     = {{Solutions of ill-posed problems}},
  year      = {1977},
  publisher = {John Wiley \& Sons},
}

@Article{Lapin2014,
  title={Learning using privileged information: SVM+ and weighted SVM},
  author={Lapin, Maksim and Hein, Matthias and Schiele, Bernt},
  journal={Neural Networks},
  volume={53},
  pages={95--108},
  year={2014},
  publisher={Elsevier}
}


@Article{Vapnik1978,
  title={Nonparametric methods for restoring the probability densities},
  author={Vapnik, Vladimir Naumovich and Stefanyuk, AR},
  journal={Avtomatika i telemekhanika},
  number={8},
  pages={38--52},
  year={1978},
  publisher={Russian Academy of Sciences, Branch of Power Industry, Machine Building~…}
}


@proceedings{Li2016,
  author  = {Wen Li and Dengxin Dai and Mingkui Tan and Dong Xu and Luc Van Gool},
  publisher = {2016 IEEE Conference on Computer Vision and Pattern Recognition (CVPR)},
  title   = {Fast algorithms for linear and kernel {SVM+}},
  pages={2258--2266},
  year    = {2016},
}

@proceedings{Gaiduchenko2019,
  author    = {Nikolai E. Gaiduchenko and Pavel A. Gritsyk},
  publisher = {2019 International Conference on Engineering and Telecommunication ({EnT})},
  title     = {Hypersonic vehicle trajectory classification using convolutional neural network},
  pages={1--4},
  year      = {2019},
}

@proceedings{Shi2020,
  author    = {Yang Shi and Zhenbo Wang},
  title     = {A deep learning-based approach to real-time trajectory optimization for hypersonic vehicles},
  year      = {2020},
  pages={0023},
  publisher = {American Institute of Aeronautics and Astronautics},
}

@proceedings{Bartusiak2021,
  author    = {Emily R. Bartusiak and Nhat X. Nguyen and Moses W. Chan and Mary L. Comer and Edward J. Delp},
  publisher = {2021 {IEEE} Aerospace Conference (50100)},
  title     = {A machine learning approach to classify hypersonic vehicle trajectories},
  pages={1--14},
  year      = {2021},
}

@Book{Kokoszka2017,
  author    = {Piotr Kokoszka and Matthew Reimherr},
  journal = {Chapman and Hall/{CRC}},
  title     = {Introduction to Functional Data Analysis},
  year      = {2017},
}

@Book{Ramsay2009,
  author    = {James Ramsay and Giles Hooker and Spencer Graves},
  journal = {Springer New York},
  title     = {{Functional Data Analysis with R and MATLAB}},
  year      = {2009},
}

@Book{Wang2016,
  author    = {Jane-Ling Wang and Jeng-Min Chiou and Hans-Georg M\"{u}ller},
  journal   = {Annual Review of Statistics and Its Application},
  title     = {Functional Data Analysis},
  year      = {2016},
}

@Article{Darabi2020,
  title={Projection-based classification for functional data},
  author={Darabi, Nadiyeh and Hosseini-Nasab, S Mohammad E},
  journal={Statistics},
  volume={54},
  number={3},
  pages={544--558},
  year={2020},
  publisher={Taylor \& Francis}
}

@Article{xie2021,
  title={Dual-channel and bidirectional neural network for hypersonic glide vehicle trajectory prediction},
  author={Xie, Yangfan and Zhuang, Xuebin and Xi, Zepu and Chen, Hongbo},
  journal={IEEE Access},
  volume={9},
  pages={92913--92924},
  year={2021},
  publisher={IEEE}
}

@proceedings{zeng2021,
  author  = {Kun Zeng and Xuebin Zhuang and Yangfan Xie and Zepu Xi},
  publisher = {2021 IEEE International Conference on Unmanned Systems (ICUS)},
  title   = {Hypersonic Vehicle Trajectory Classification Using Improved CNN-LSTM Model},
  year    = {2021},
  pages={691--696},
}

@article{Yu2021,
  title={Privacy-preserving computation in the post-quantum era},
  author={Yu, Yu and Xie, Xiang},
  journal={National Science Review},
  volume={8},
  number={9},
  pages={115},
  year={2021},
  publisher={Oxford University Press}
}

@article{Gong2021,
  title={Universal adversarial examples and perturbations for quantum classifiers},
  author={Gong, Weiyuan and Deng, Dong-Ling},
  journal={National Science Review},
  volume={9},
  number={6},
  pages={130},
  year={2022},
  publisher={Oxford University Press}
}

@article{Chen2020,
  title={Predicting future dynamics from short-term time series using an Anticipated Learning Machine},
  author={Chen, Chuan and Li, Rui and Shu, Lin and He, Zhiyu and Wang, Jining and Zhang, Chengming and Ma, Huanfei and Aihara, Kazuyuki and Chen, Luonan},
  journal={National Science Review},
  volume={7},
  number={6},
  pages={1079--1091},
  year={2020},
  publisher={Oxford University Press}
}

@article{Wang2017,
  title={Mu-ming Poo: China Brain Project and the future of Chinese neuroscience},
  author={Wang, Ling},
  journal={National Science Review},
  volume={4},
  number={2},
  pages={258--263},
  year={2017},
  publisher={Oxford University Press}
}

@proceedings{Poggi2017,
  year = {2017},
  author = {Matteo Poggi and Fabio Tosi and Stefano Mattoccia},
  title = {Quantitative Evaluation of Confidence Measures in a Machine Learning World},
  publisher = {2017 {IEEE} International Conference on Computer Vision ({ICCV})},
  pages={5228--5237},
}

@article{Jakob2021,
Author = {Jakob Gawlikowski and Cedrique Rovile Njieutcheu Tassi and Mohsin Ali and Jongseok Lee and Matthias Humt and Jianxiang Feng and Anna Kruspe and Rudolph Triebel and Peter Jung and Ribana Roscher and Muhammad Shahzad and Wen Yang and Richard Bamler and Xiao Xiang Zhu},
Title = {A Survey of Uncertainty in Deep Neural Networks},
Year = {2021},
journal = {arXiv:2107.03342},
}


@article{Nouretdinov2013,
  title={Multiprobabilistic prediction in early medical diagnoses},
  author={Nouretdinov, Ilia and Devetyarov, Dmitry and Vovk, Volodya and Burford, Brian and Camuzeaux, Stephane and Gentry-Maharaj, Aleksandra and Tiss, Ali and Smith, Celia and Luo, Zhiyuan and Chervonenkis, Alexey and others},
  journal={Annals of Mathematics and Artificial Intelligence},
  volume={74},
  pages={203--222},
  year={2015},
  publisher={Springer}
}

@article{Valiant1984,
  title={A theory of the learnable},
  author={Valiant, Leslie G},
  journal={Communications of the ACM},
  volume={27},
  number={11},
  pages={1134--1142},
  year={1984},
  publisher={ACM New York, NY, USA}
}

@proceedings{Papadopoulos2007,
  title={Conformal prediction with neural networks},
  author={Papadopoulos, Harris and Vovk, Volodya and Gammerman, Alex},
  publisher={19th IEEE International Conference on Tools with Artificial Intelligence (ICTAI 2007)},
  volume={2},
  pages={388--395},
  year={2007},
}

@Article{Papadopoulos2008,
  title={Inductive conformal prediction: Theory and application to neural networks},
  author={Papadopoulos, Harris},
  journal={Tools in artificial intelligence},
  year={2008},
  publisher={Citeseer}
}

@Book{Vineeth2014,
  year = {2014},
  title = {Conformal Prediction for Reliable Machine Learning},
  author = {Vineeth Balasubramanian and Shen-Shyang Ho and Vladimir Vovk},
  journal = {Morgan Kaufmann},
}

@Article{Janette2022,
  title={Conformal prediction in clinical medical sciences},
  author={Vazquez, Janette and Facelli, Julio C},
  journal={Journal of Healthcare Informatics Research},
  volume={6},
  number={3},
  pages={241--252},
  year={2022},
  publisher={Springer}
}

@proceedings{Melluish2011,
  title={Comparing the Bayes and typicalness frameworks},
  author={Melluish, Thomas and Saunders, Craig and Nouretdinov, Ilia and Vovk, Volodya},
  publisher={Machine Learning: ECML 2001: 12th European Conference on Machine Learning},
  pages={360--371},
  year={2001},
  organization={Springer}
}

@article{Gelman2017,
  title={Beyond subjective and objective in statistics},
  author={Gelman, Andrew and Hennig, Christian},
  journal={{Journal of the Royal Statistical Society. Series A (Statistics in Society)}},
  pages={967--1033},
  year={2017},
  publisher={JSTOR}
}

@article{Moore2000StatisticsAM,
  title={Statistics and mathematics: Tension and cooperation},
  author={Moore, David S and Cobb, George W},
  journal={The American Mathematical Monthly},
  volume={107},
  number={7},
  pages={615--630},
  year={2000},
  publisher={Taylor \& Francis}
}

@proceedings{Luc2014,
  title = 	 {{PAC-Bayesian Theory for Transductive Learning}},
  author = 	 {B\'egin, Luc and Germain, Pascal and Laviolette, François and Roy, Jean-Francis},
  publisher = 	 {Proceedings of the Seventeenth International Conference on Artificial Intelligence and Statistics},
  pages={105--113},
  year = 	 {2014},
}

@article{Richards2019,
  year = {2019},
  author = {Blake A. Richards and Timothy P. Lillicrap and Philippe Beaudoin and Yoshua Bengio and Rafal Bogacz and Amelia Christensen and Claudia Clopath and Rui Ponte Costa and Archy de Berker and Surya Ganguli and Colleen J. Gillon and Danijar Hafner and Adam Kepecs and Nikolaus Kriegeskorte and Peter Latham and Grace W. Lindsay and Kenneth D. Miller and Richard Naud and Christopher C. Pack and Panayiota Poirazi and Pieter Roelfsema and Jo{\~{a}}o Sacramento and Andrew Saxe and Benjamin Scellier and Anna C. Schapiro and Walter Senn and Greg Wayne and Daniel Yamins and Friedemann Zenke and Joel Zylberberg and Denis Therien and Konrad P. Kording},
  title = {A deep learning framework for neuroscience},
  volume={22},
  number={11},
  pages={1761--1770},
  journal = {Nature Neuroscience}
}


@article{Harris2014,
  title={Regression conformal prediction with nearest neighbours},
  author={Papadopoulos, Harris and Vovk, Vladimir and Gammerman, Alexander},
  journal={Journal of Artificial Intelligence Research},
  volume={40},
  pages={815--840},
  year={2011}
}

@article{Li2015,
  year = {2015},
  author = {Guanghua Li and Hongbo Zhang and Guojian Tang},
  title = {Maneuver characteristics analysis for hypersonic glide vehicles},
  journal = {Aerospace Science and Technology}
}

@article{shafer08a,
  title={A Tutorial on Conformal Prediction.},
  author={Shafer, Glenn and Vovk, Vladimir},
  journal={Journal of Machine Learning Research},
  volume={9},
  number={3},
  year={2008}
}


@article{Thomas1989,
  title={{Kolmogorov's contributions to information theory and algorithmic complexity}},
  author={Cover, Thomas M and Gacs, Peter and Gray, Robert M},
  journal={{The Annals of Probability}},
  volume={17},
  number={3},
  pages={840--865},
  year={1989},
  publisher={JSTOR}
}

@Book{Li2008,
  year = {2008},
  journal = {Springer New York},
  author = {Ming Li and Paul Vit{\'{a}}nyi},
  title = {An Introduction to Kolmogorov Complexity and Its Applications}
}

@article{MartinLf1966,
  title={The definition of random sequences},
  author={Martin-L{\"o}f, Per},
  journal={{Information and Control}},
  volume={9},
  number={6},
  pages={602--619},
  year={1966},
  publisher={Elsevier}
}

@Article{Kolmogorov1983,
  title={Combinatorial foundations of information theory and the calculus of probabilities},
  author={Kolmogorov, Andrei N},
  journal={Russian mathematical surveys},
  volume={38},
  number={4},
  pages={29},
  year={1983},
  publisher={IOP Publishing}
}

@article{Kolmogorov1968,
  title={Three approaches to the quantitative definition of information},
  author={Kolmogorov, Andrei N},
  journal={Problems of information transmission},
  volume={1},
  number={1},
  pages={1--7},
  year={1965}
}

@article{Kolmogorov1963,
  title={On tables of random numbers},
  author={Kolmogorov, Andrei N},
  journal={Sankhy{\=a}: The Indian Journal of Statistics, Series A},
  pages={369--376},
  year={1963},
  publisher={JSTOR}
}

@article{Chung2018,
  title={A survey on aerial swarm robotics},
  author={Chung, Soon-Jo and Paranjape, Aditya Avinash and Dames, Philip and Shen, Shaojie and Kumar, Vijay},
  journal={IEEE Transactions on Robotics},
  volume={34},
  number={4},
  pages={837--855},
  year={2018},
  publisher={IEEE}
}

@Book{Hamann2018,
  year = {2018},
  author = {Heiko Hamann},
  title = {Swarm Robotics: A Formal Approach},
  journal = {Springer}
}

@article{Brown2014,
author = {Brown, Daniel S. and Goodrich, Michael A.},
title = {Limited Bandwidth Recognition of Collective Behaviors in Bio-Inspired Swarms},
year = {2014},
journal = {International Foundation for Autonomous Agents and Multiagent Systems},
}

@proceedings{Brown2016DiscoveryAE,
  title={Discovery and Exploration of Novel Swarm Behaviors Given Limited Robot Capabilities},
  author={Daniel S. Brown and Ryan Turner and Oliver Hennigh and Steven Loscalzo},
  publisher={Distributed Autonomous Robotic Systems: The 13th International Symposium},
  pages={447--460},
  year={2016}
}

@proceedings{Berger2016,
  title={Classifying swarm behavior via compressive subspace learning},
  author={Berger, Matthew and Seversky, Lee M and Brown, Daniel S},
  publisher={2016 IEEE International Conference on Robotics and Automation (ICRA)},
  pages={5328--5335},
  year={2016},
  organization={IEEE}
}

@article{Olaronke2020,
  year = {2020},
  author = {Iroju Olaronke and Ikono Rhoda and Ishaya Gambo and Ojerinde Oluwaseun and Olaleke Janet},
  title = {A Systematic Review of Swarm Robots},
  journal = {Current Journal of Applied Science and Technology},
}

@article{Schranz2020,
  title={Swarm robotic behaviors and current applications},
  author={Schranz, Melanie and Umlauft, Martina and Sende, Micha and Elmenreich, Wilfried},
  journal={Frontiers in Robotics and AI},
  volume={7},
  pages={36},
  year={2020},
  publisher={Frontiers Media SA}
}

@Book{Hamann2018,
  year = {2018},
  author = {Heiko Hamann},
  title = {Swarm Robotics: A Formal Approach},
  journal = {Springer}
}

@article{Chung2018,
  title={A survey on aerial swarm robotics},
  author={Chung, Soon-Jo and Paranjape, Aditya Avinash and Dames, Philip and Shen, Shaojie and Kumar, Vijay},
  journal={IEEE Transactions on Robotics},
  volume={34},
  number={4},
  pages={837--855},
  year={2018},
  publisher={IEEE}
}

@proceedings{Vovk2003,
year = {2003},
author = {Vladimir Vovk and Ilia Nouretdinov and Alex Gammerman},
title = {Testing Exchangeability On-Line},
publisher = {Proceedings of the 20th International Conference on Machine Learning (ICML-03)},
pages={768--775},
}

@proceedings{Vovk2012,
year = {2012},
author = {Valentina Fedorova and Alex Gammerman and Ilia Nouretdinov and Vladimir Vovk},
title = {Plug-in martingales for testing exchangeability on-line},
publisher = {Proceedings of the 29th International Conference on Machine Learning},
}

@article{Thomas2021,
  title={Reservoir computing with swarms},
  author={Lymburn, Thomas and Algar, Shannon D and Small, Michael and J{\"u}ngling, Thomas},
  journal={Chaos: An Interdisciplinary Journal of Nonlinear Science},
  volume={31},
  number={3},
  pages={033121},
  year={2021},
  publisher={AIP Publishing LLC}
}

@Book{Doob1984,
year = {1984},
author = {Joseph L. Doob},
title = {{Classical Potential Theory and Its Probabilistic Counterpart}},
publisher = {New York: Springer-Verlag},
}

@article{scikit-learn,
 title={Scikit-learn: Machine Learning in {P}ython},
 author={Pedregosa, F. and Varoquaux, G. and Gramfort, A. and Michel, V.
         and Thirion, B. and Grisel, O. and Blondel, M. and Prettenhofer, P.
         and Weiss, R. and Dubourg, V. and Vanderplas, J. and Passos, A. and
         Cournapeau, D. and Brucher, M. and Perrot, M. and Duchesnay, E.},
 journal={Journal of Machine Learning Research},
 year={2011}
}


@proceedings{Brown2014,
author = {Brown, Daniel S. and Goodrich, Michael A.},
title = {Limited Bandwidth Recognition of Collective Behaviors in Bio-Inspired Swarms},
year = {2014},
publisher = {International Foundation for Autonomous Agents and Multiagent Systems},
}

@article{Maruyama2019,
  title={Dynamic organization of flocking behaviors in a large-scale boids model},
  author={Maruyama, Norihiro and Saito, Daichi and Hashimoto, Yasuhiro and Ikegami, Takashi},
  journal={Journal of Computational Social Science},
  volume={2},
  pages={77--84},
  year={2019},
  publisher={Springer}
}

@proceedings{Ho2005,
author = {Ho, Shen-Shyang},
year = {2005},
title = {A martingale framework for concept change detection in time-varying data streams},
publisher = {Proceedings of the 22nd international conference on Machine learning},
pages={321--327},
}

@proceedings{Ho2012,
author = {Ho, Shen-Shyang},
year = {2012},
title = {On the Detection of Concept Changes in Time-Varying Data Stream by Testing Exchangeability},
publisher = {Arxiv:1207.1379}
}

@proceedings{Ho2019,
  title={A martingale-based approach for flight behavior anomaly detection},
  author={Ho, Shen-Shyang and Schofield, Matthew and Sun, Bo and Snouffer, Jason and Kirschner, Jean},
  publisher={20th IEEE International Conference on Mobile Data Management (MDM)},
  pages={43--52},
  year={2019},
}

@proceedings{Johansson2013,
  title={Conformal prediction using decision trees},
  author={Johansson, Ulf and Bostr{\"o}m, Henrik and L{\"o}fstr{\"o}m, Tuve},
  publisher={IEEE 13th international conference on data mining},
  pages={330--339},
  year={2013},
}

@Book{Boosting2012,
  year = {2012},
  author = {Robert E. Schapire and Yoav Freund},
  title = {{Boosting: Foundations and Algorithms}},
  journal = {{The MIT Press, Cambridge, Massachusetts London, England}}
}

@proceedings{Bottou1994,
  author = {L. Bottou and C. Cortes and J.S. Denker and H. Drucker and I. Guyon and L.D. Jackel and Y. LeCun and U.A. Muller and E. Sackinger and P. Simard and V. Vapnik},
  title = {Comparison of classifier methods: a case study in handwritten digit recognition},
  publisher = {Proceedings of the 12th {IAPR} International Conference on Pattern Recognition},
  year = {1994},
  volume={2},
  pages={77--82},
}

@article{Laurent2009,
  year = {2009},
  author = {Bienvenu, L. and Shen, A.},
  title = {{Algorithmic information theory and martingales}},
  journal = {{arxiv:0906.2614}}
}

@article{Bienvenu2009OnTH,
  title={On the history of martingales in the study of randomness},
  author={Bienvenu, Laurent and Shafer, Glenn and Shen, Alexander},
  journal={{Electronic Journal for History of Probability and Statistics}},
  volume={5},
  number={1},
  pages={1--40},
  year={2009}
}

@Book{Doob1984,
  year = {1984},
  author = {Doob, J.~L.},
  title = {{Classical potential theory and its probabilistic counterpart}},
  journal = {{Berlin Heidelberg New York: Springer-Verlag}}
}

@article{vovk2001,
  title={Competitive on-line statistics},
  author={Vovk, Volodya},
  journal={International Statistical Review},
  volume={69},
  number={2},
  pages={213--248},
  year={2001},
  publisher={Wiley Online Library}
}

@article{vovk2021,
  year = {2021},
  author = {Vladimir Vovk},
  title = {Testing for concept shift online},
  journal = {working paper 31}
}

@proceedings{Johansson2017,
  year = {2017},
  author = {Ulf~Johansson, Henrik~Linusson, T.~L. and Bostr{\"o}m, H.},
  title = {Model-agnostic nonconformity functions for conformal classification},
  publisher = {2017 International Joint Conference on Neural Networks
  (IJCNN)},
  pages={2072--2079},
}

@article{UCI,
  year = {2015},
  author = {Frank, A. and Asuncion, A.},
  title = {{Machine Learning Repository}},
  journal = {\url{https://archive.ics.uci.edu/ml/index.php}}
}

@article{scikit-learn,
  year = {2011},
  author = {Pedregosa, F., Varoquaux, G., Gramfort, A., Michel, V., Thirion, B., Grisel, O., Blondel, M., Prettenhofer, P., Weiss, R., Dubourg, V., Vanderplas, J., Passos, A., Cournapeau, D., Brucher, M., Perrot, M., and Duchesnay, E.},
  title = {{Scikit-learn: Machine learning in {P}ython}},
  journal = {Journal of Machine Learning Research}
}

@article{Schranz2020,
  title={Swarm robotic behaviors and current applications},
  author={Schranz, Melanie and Umlauft, Martina and Sende, Micha and Elmenreich, Wilfried},
  journal={Frontiers in Robotics and AI},
  volume={7},
  pages={36},
  year={2020},
  publisher={Frontiers Media SA}
}

@article{Agarwal2013,  
author={Agarwal, Priyanshu and et al.},
journal={Robotics: Science and Systems VIII},
title={What Types of Interactions Do Bio-Inspired Robot Swarms and Flocks Afford a Human?},
year={2013},
pages={105--112},
}

@article{Lerner1972,
title = {{A “Crisis” In The Theory of Pattern Recognition}},
journal = {Frontiers of Pattern Recognition},
year = {1972},
url = {https://www.sciencedirect.com/science/article/pii/B978012737140550021X},
author = {Alexander Lerner},
pages={367--372},
}

@article{Schranz2020,
  title={Swarm robotic behaviors and current applications},
  author={Schranz, Melanie and Umlauft, Martina and Sende, Micha and Elmenreich, Wilfried},
  journal={Frontiers in Robotics and AI},
  volume={7},
  pages={36},
  year={2020},
  publisher={Frontiers Media SA}
}

@Book{Hamann2018,
  year = {2018},
  author = {Heiko Hamann},
  title = {Swarm Robotics: A Formal Approach},
  journal = {Springer}
}

@article{Chung2018,
  title={A survey on aerial swarm robotics},
  author={Chung, Soon-Jo and Paranjape, Aditya Avinash and Dames, Philip and Shen, Shaojie and Kumar, Vijay},
  journal={IEEE Transactions on Robotics},
  volume={34},
  number={4},
  pages={837--855},
  year={2018},
  publisher={IEEE}
}

@article{Vovk2003,
  title={Testing exchangeability on-line},
  author={Vovk, Vladimir and Nouretdinov, Ilia and Gammerman, Alexander},
  publisher={Proceedings of the 20th International Conference on Machine Learning (ICML-03)},
  pages={768--775},
  year={2003},
}

@proceedings{Vovk2012,
year = {2012},
author = {Valentina Fedorova and Alex Gammerman and Ilia Nouretdinov and Vladimir Vovk},
title = {Plug-in martingales for testing exchangeability on-line},
publisher = {Proceedings of the 29th International Conference on Machine Learning},
}

@article{Thomas2021,
  title={Reservoir computing with swarms},
  author={Lymburn, Thomas and Algar, Shannon D and Small, Michael and J{\"u}ngling, Thomas},
  journal={Chaos: An Interdisciplinary Journal of Nonlinear Science},
  volume={31},
  number={3},
  pages={033121},
  year={2021},
  publisher={AIP Publishing LLC}
}

@article{Olaronke2020,
  year = {2020},
  author = {Iroju Olaronke and Ikono Rhoda and Ishaya Gambo and Ojerinde Oluwaseun and Olaleke Janet},
  title = {A Systematic Review of Swarm Robots},
  journal = {Current Journal of Applied Science and Technology}
}

@article{vapnik1964,
  title={A class of algorithms for pattern recognition learning},
  author={Vapnik, Vladimir and Chervonenkis, A Ya},
  journal={Avtomat. i Telemekh},
  volume={25},
  number={6},
  pages={937--945},
  year={1964}
}

@article{vapnik1963,
  title={Recognition of patterns with help of generalized portraits},
  author={Vapnik, VN and Lerner, A Ya},
  journal={Avtomat. i Telemekh},
  volume={24},
  number={6},
  pages={774--780},
  year={1963}
}

@article{vapnik1964On,
  title={On a perceptron class},
  author={Vapnik, Vladimir N and Chervonenkis, A Ya},
  journal={Automation and Remote Control},
  volume={25},
  pages={112--120},
  year={1964}
}



@article{vapnik1962,
  title={Recognition of patterns with help of generalized portraits},
  author={Vapnik, VN and Lerner, A Ya},
  journal={Avtomat. i Telemekh},
  volume={24},
  number={6},
  pages={774--780},
  year={1963}
}


@Book{Vineeth2019,
  year = {2019},
  author = {Vineeth N. Balasubramanian and Shen-Shyang Ho and Vladimir Vovk},
  title = {{Conformal Prediction for Reliable Machine Learning, Theory, Adaptations and Applications}},
  publisher = {Morgan Kaufmann}
}


@proceedings{Walker2014,
  title={Human control of robot swarms with dynamic leaders},
  author={Walker, Phillip and Amraii, Saman Amirpour and Chakraborty, Nilanjan and Lewis, Michael and Sycara, Katia},
  publisher={2014 IEEE/RSJ International Conference on Intelligent Robots and Systems},
  pages={1108--1113},
  year={2014},
}

@proceedings{Izmailov2018,
  title={Feature selection in learning using privileged information},
  author={Izmailov, Rauf and Lindqvist, Blerta and Lin, Peter},
  publisher={2017 IEEE International Conference on Data Mining Workshops (ICDMW)},
  pages={957--963},
  year={2017},
}

@proceedings{Shiao2014,
  title={Learning using privileged information (LUPI) for modeling survival data},
  author={Shiao, Han-Tai and Cherkassky, Vladimir},
  publisher={2014 International Joint Conference on Neural Networks (IJCNN)},
  pages={1042--1049},
  year={2014},
}

@proceedings{Izmailov2017,
  title={Feature selection in learning using privileged information},
  author={Izmailov, Rauf and Lindqvist, Blerta and Lin, Peter},
  publisher={2017 IEEE International Conference on Data Mining Workshops (ICDMW)},
  pages={957--963},
  year={2017},
}

@article{Vapnik2009,
  author    = {Vladimir Vapnik and Akshay Vashist},
  journal   = {Neural Networks},
  title     = {A new learning paradigm: Learning using privileged information},
  volume={22},
  number={5-6},
  pages={544--557},
  year      = {2009},
}

@Book{Vapnik2006,
  author    = {Vladimir Vapnik},
  publisher = {Springer New York},
  title     = {{Estimation of Dependences Based on Empirical Data}},
  year      = {2006},
}

@article{vapniktalk2015,
  author  = {Vladimir Vapnik},
  journal = {Invited Talk},
  title   = {Brute force and intelligent methods of learning},
  year    = {2015},
  url     = {http://stat.rutgers.edu/home/hcrane/seminar/vapnik.html},
}

@Book{vapnik2015,
  author  = {Vladimir Vapnik and Rauf Izmailov},
  publisher = {In: Gammerman A., Vovk V., Papadopoulos H. (eds) Statistical Learning and Data Sciences. SLDS 2015.},
  title   = {Learning with intelligent teacher: similarity control and knowledge transfer},
  year    = {2015},
}

@article{Vapnik2021,
  title={Reinforced SVM method and memorization mechanisms},
  author={Vapnik, Vladimir and Izmailov, Rauf},
  journal={Pattern Recognition},
  volume={119},
  pages={108018},
  year={2021},
  publisher={Elsevier}
}


@proceedings{Pechyony2010,
  title={On the theory of learnining with privileged information},
  author={Pechyony, Dmitry and Vapnik, Vladimir},
  publisher={Advances in neural information processing systems},
  volume={23},
  year={2010}
}

@article{Tunstrm2013,
  title={Collective states, multistability and transitional behavior in schooling fish},
  author={Tunstr{\o}m, Kolbj{\o}rn and Katz, Yael and Ioannou, Christos C and Huepe, Cristi{\'a}n and Lutz, Matthew J and Couzin, Iain D},
  journal={PLoS computational biology},
  volume={9},
  number={2},
  pages={e1002915},
  year={2013},
  publisher={Public Library of Science San Francisco, USA}
}

@article{Michael2014,
  title={Programmable self-assembly in a thousand-robot swarm},
  author={Rubenstein, Michael and Cornejo, Alejandro and Nagpal, Radhika},
  journal={Science},
  volume={345},
  number={6198},
  pages={795--799},
  year={2014},
  publisher={American Association for the Advancement of Science}
}

@proceedings{Vrigkas2017,
  title={Inferring human activities using robust privileged probabilistic learning},
  author={Vrigkas, Michalis and Kazakos, Evangelos and Nikou, Christophoros and Kakadiaris, Ioannis A},
  publisher={Proceedings of the IEEE International Conference on Computer Vision Workshops},
  pages={2658--2665},
  year={2017}
}

@proceedings{Brown-Human-swarm2014,
  year = {2014},
  author = {Daniel S. Brown and Sean C. Kerman and Michael A. Goodrich},
  title = {Human-swarm interactions based on managing attractors},
  publisher = {Proceedings of the 2014 {ACM}/{IEEE} international conference on Human-robot interaction},
  pages={90--97},
}

@article{Vapnik-similary-2015,
  title={Learning using privileged information: similarity control and knowledge transfer.},
  author={Vapnik, Vladimir and Izmailov, Rauf and others},
  journal={J. Mach. Learn. Res.},
  volume={16},
  number={1},
  pages={2023--2049},
  year={2015}
}

@article{Corfield-Vapnik-2009,
  title={{Falsificationism and statistical learning theory: Comparing the Popper and Vapnik-Chervonenkis dimensions}},
  author={Corfield, David and Sch{\"o}lkopf, Bernhard and Vapnik, Vladimir},
  journal={Journal for General Philosophy of Science},
  volume={40},
  pages={51--58},
  year={2009},
  publisher={Springer}
}

@Book{Vineeth2019,
  year = {2019},
  publisher = {Vineeth N. Balasubramanian and Shen-Shyang Ho and Vladimir Vovk},
  title = {{Conformal Prediction for Reliable Machine Learning, Theory, Adaptations and Applications}},
  journal = {Morgan Kaufmann},
}

@proceedings{Walker2014,
  title={Human control of robot swarms with dynamic leaders},
  author={Walker, Phillip and Amraii, Saman Amirpour and Chakraborty, Nilanjan and Lewis, Michael and Sycara, Katia},
  publisher={2014 IEEE/RSJ International Conference on Intelligent Robots and Systems},
  pages={1108--1113},
  year={2014},
}

@proceedings{Becker2014,
  title={Crowdsourcing swarm manipulation experiments: A massive online user study with large swarms of simple robots},
  author={Becker, Aaron and Ertel, Chris and McLurkin, James},
  publisher={2014 IEEE International Conference on Robotics and Automation (ICRA)},
  pages={2825--2830},
  year={2014},
}

@article{Lee2000,
  title={Statistical modeling: The two cultures (with comments and a rejoinder by the author)},
  author={Breiman, Leo},
  journal={Statistical science},
  volume={16},
  number={3},
  pages={199--231},
  year={2001},
  publisher={Institute of Mathematical Statistics}
}

@article{Efron2019,
  title={Prediction, estimation, and attribution},
  author={Efron, Bradley},
  journal={International Statistical Review},
  volume={88},
  pages={S28--S59},
  year={2020},
  publisher={Wiley Online Library}
}

@article{Andrew2017,
  title={Beyond subjective and objective in statistics},
  author={Gelman, Andrew and Hennig, Christian},
  journal={Journal of the Royal Statistical Society. Series A (Statistics in Society)},
  pages={967--1033},
  year={2017},
  publisher={JSTOR
}

@article{Wang2021,
author = {Daren Wang and Yi Yu and Alessandro Rinaldo},
title = {{Optimal change point detection and localization in sparse dynamic networks}},
journal = {The Annals of Statistics},
year = {2021},
}

@proceedings{Kpotufe2021,
  title={Marginal singularity, and the benefits of labels in covariate-shift},
  author={Kpotufe, Samory and Martinet, Guillaume},
  publisher={Conference On Learning Theory},
  pages={1882--1886},
  year={2018},
}



@Book{Alexey2013,
author = {Alexey Ya. Chervonenkis},
publisher = {{Empirical Inference, Festschrift in Honor of Vladimir N. Vapnik}},
title = {{Early History of Support Vector Machines}},
year = {2013}
}

@article{2019Reconciling,
  title={Reconciling modern machine-learning practice and the classical bias--variance trade-off},
  author={Belkin, Mikhail and Hsu, Daniel and Ma, Siyuan and Mandal, Soumik},
  publisher={Proceedings of the National Academy of Sciences},
  volume={116},
  number={32},
  pages={15849--15854},
  year={2019},
  publisher={National Acad Sciences}
}


@Book{Alexey2015,
author = {Alexey Ya. Chervonenkis},
journal = {{Measures of Complexity, Festschrift for Alexey Chervonenkis}},
title = {{Chervonenkis’s recollections}},
publisher = {Vladimir Vovk, Harris Papadopoulos, and Alex Gammerman, editors. Springer, Berlin.},
year = {2015}
}

@Book{Novoseltsev2015,
author = {Vasiy N. Novoseltsev},
journal = {{Measures of Complexity, Festschrift for Alexey Chervonenkis}},
title = {{Institute of Control Science Through the Lens of VC Dimension}},
publisher = {Vladimir Vovk, Harris Papadopoulos, and Alex Gammerman, editors. Springer, Berlin.},
year = {2015}
}

@article{vapnik1968,
author = {Vladimir N. Vapnik and Alexey Ya. Chernovenkis},
journal = {Soviet Mathematics Doklady},
year = {1968},
title = {{Uniform Convergence of Frequencies of Occurance of Events to Their Probabilities}},
volume={16},
pages={264--279},
}

@article{vapnik1971,
author = {Vladimir N. Vapnik and Alexey Ya. Chernovenkis},
journal = {Theory of Probability and Its Applications},
year = {1971},
title = {{On the Uniform Convergence of Relative Frequencies of Events to Their Probabilities}},
volume={16},
pages={264--279},
}

@Book{vapnik1974,
author = {Vladimir N. Vapnik and Alexey Ya. Chernovenkis},
publisher = {Moscow: Nauka},
year = {1974},
title = {Teoriya raspoznavaniya obrazov ({T}heory of {P}attern {R}ecognition)}
}


@article{2003Universal,
  title={A universal well-calibrated algorithm for on-line classification},
  author={Vovk, Vladimir},
  journal={The Journal of Machine Learning Research},
  volume={5},
  pages={575--604},
  year={2004},
  publisher={JMLR. org}
}

@article{Lei2015,
  title={A conformal prediction approach to explore functional data},
  author={Lei, Jing and Rinaldo, Alessandro and Wasserman, Larry},
  journal={Annals of Mathematics and Artificial Intelligence},
  volume={74},
  pages={29--43},
  year={2015},
  publisher={Springer}
}

@article{Saunders1999,
  author    = {Craig Saunders and Alexander Gammerman and Vladimir Vovk},
  journal   = {Journal of Machine Learning Research},
  title     = {Transduction with confidence and credibility},
  year      = {1999},
}

@article{Vovk-Mondrian-2003,
author = {Vladimir Vovk and David Lindsay and Ilia Nouretdinov and Alex Gammerman},
journal = {On-line Compression Modelling Project, Working Paper 4},
year = {2003},
url = {http://vovk.net/kp},
title = {Mondrian Confidence Machine}
}

@article{gammerman1998,
author = {Alexander Gammerman and Vladimir Vovk and Vladimir Vapnik},
journal = {Proc. of the 14th Conf. on Uncertainty in artificial intelligence},
year = {1998},
title = {Learning by transduction}
}

@Book{Vovk2013,
author={Vovk, Vladimir},
editor={Bernhard Sch{\"o}lkopf and Zhiyuan Luo and Vladimir Vovk},
title={Kernel Ridge Regression},
year={2013},
publisher = {Empirical Inference: Festschrift in Honor of Vladimir N. Vapnik},
}


@article{MartinBarragan2014,
  title={Interpretable support vector machines for functional data},
  author={Martin-Barragan, Belen and Lillo, Rosa and Romo, Juan},
  journal={European Journal of Operational Research},
  volume={232},
  number={1},
  pages={146--155},
  year={2014},
  publisher={Elsevier}
}

@article{Hyndman2007,
  title={Robust forecasting of mortality and fertility rates: A functional data approach},
  author={Hyndman, Rob J and Ullah, Md Shahid},
  journal={Computational Statistics \& Data Analysis},
  volume={51},
  number={10},
  pages={4942--4956},
  year={2007},
  publisher={Elsevier}
}


@Book{Husserl2019,
  author    = {Edmund Husserl},
  title     = {Logic and general theory of science},
  year      = {2019},
  publisher = {Springer International Publishing},
}

@article{Lapin2014,
  title={Learning using privileged information: SVM+ and weighted SVM},
  author={Lapin, Maksim and Hein, Matthias and Schiele, Bernt},
  journal={Neural Networks},
  volume={53},
  pages={95--108},
  year={2014},
  publisher={Elsevier}
}

@proceedings{Li2016,
  author  = {Wen Li and Dengxin Dai and Mingkui Tan and Dong Xu and Luc Van Gool},
  publisher = {2016 IEEE Conference on Computer Vision and Pattern Recognition (CVPR)},
  title   = {Fast algorithms for linear and kernel {SVM+}},
  pages={2258--2266},
  year    = {2016},
}

@proceedings{Gaiduchenko2019,
  title={Hypersonic vehicle trajectory classification using convolutional neural network},
  author={Gaiduchenko, Nikolai E and Gritsyk, Pavel A},
  publisher={2019 International Conference on Engineering and Telecommunication (EnT)},
  pages={1--4},
  year={2019},
}



@proceedings{Vovk2021retrain,
  title={Retrain or not retrain: Conformal test martingales for change-point detection},
  author={Vovk, Vladimir and Petej, Ivan and Nouretdinov, Ilia and Ahlberg, Ernst and Carlsson, Lars and Gammerman, Alex},
  publisher={Conformal and Probabilistic Prediction and Applications},
  pages={191--210},
  year={2021},
}

@article{Vovk2021protectedclassification,
title = {Protected probabilistic classification},
author = {Vladimir Vovk and Ivan Petej and Alex Gammerman},
year = {2021},
journal = {On-line Compression Modelling project (New Series), Working paper 35},
url = {http://alrw.net}
}

@article{Vovk2021protectedregression,
title = {Protected probabilistic regression},
author = {Vladimir Vovk},
year = {2021},
journal = {On-line Compression Modelling project (New Series), Working paper 34},
url = {http://alrw.net}
}

@article{vovk2021testonline,
author = {Vladimir Vovk},
journal = {On-line Compression Modelling project (New Series), Working paper 24},
url = {http://alrw.net},
title = {Testing randomness online},
year = {2021}}

@Book{glenn-vovk2019,
author = {Glenn Shafer and Vladimir Vovk},
publisher = {Wiley, Hoboken, NJ},
title = {{Game-Theoretic Foundations for Probability and Finance}},
year = {2019}
}

@Book{glenn-vovk2001,
author = {Glenn Shafer and Vladimir Vovk},
publisher = {John Wiley},
title = {{Probability and Finance It's Only a Game!}},
year = {2001}
}

@Book{hastie2009,
author = {Trevor Hastie and Robert Tibshirani and Jerome Friedman},
publisher = {Springer},
title = {{The Elements of Statistical Learning. Data Mining, Inference, and Prediction}},
year = {2009}
}

@Book{Witten2017,
author = {Gareth James and Daniela Witten and Trevor Hastie and Robert Tibshirani},
publisher = {Springer},
title = {{An Introduction to Statistical Learning, with Applications in R}},
year = {2017}
}

@Book{Efron2016,
author = {Bradley Efron and Trevor Hastie},
publisher = {Cambridge University Press},
title = {{Computer Age Statistical Inference}},
year = {2016}
}

@article{Tibshirani1996,
  title={Regression shrinkage and selection via the lasso},
  author={Tibshirani, Robert},
  journal={Journal of the Royal Statistical Society: Series B (Methodological)},
  volume={58},
  number={1},
  pages={267--288},
  year={1996},
  publisher={Wiley Online Library}
}

@article{Tibshirani2015,
author = {Robert Tibshirani},
journal = {Breiman Invited lecture, NIPS},
title = {Some Recent Advances in Post-selection inference},
year = {2015},
url = {https://tibshirani.su.domains/ftp/nips2015.pdf}
}

@article{Ioannidis2005,
  title={Why most published research findings are false},
  author={Ioannidis, John PA},
  journal={PLoS medicine},
  volume={2},
  number={8},
  pages={e124},
  year={2005},
  publisher={Public Library of Science}
}

@article{Taylor2015,
  title={Statistical learning and selective inference},
  author={Taylor, Jonathan and Tibshirani, Robert J},
  journal={Proceedings of the National Academy of Sciences},
  volume={112},
  number={25},
  pages={7629--7634},
  year={2015},
  publisher={National Acad Sciences}
}

@article{vovk-pvalue2019,
author = {Yuri Gurevich and Vladimir Vovk},
journal = {Working paper 16},
title = {Test statistics and p-values},
year = {2019},
url = {http://alrw.net/}
}

@Book{Herbert2001,
author = {Herbert A. David},
journal = {{ In Herbert A. David and Anthony W. F. Edwards, editors,} Annotated Readings in the History of Statistics,  Springer, New York},
title = {First (?) occurrence of common terms in statistics and probability},
year = {2001}
}

@Book{Herbert1995,
author = {Herbert A. David},
journal = {American Statistician},
title = {First (?) occurrence of common terms in statistics and probability},
year = {1995}
}

@Book{Herbert1998,
author = {Herbert A. David},
journal = {American Statistician},
title = {First (?) occurrence of common terms in statistics and
probability—a second list, with corrections},
year = {1998}
}

@article{Wasserstein2016,
  title={The ASA statement on p-values: context, process, and purpose},
  author={Wasserstein, Ronald L and Lazar, Nicole A},
  journal={The American Statistician},
  volume={70},
  number={2},
  pages={129--133},
  year={2016},
  publisher={Taylor \& Francis}
}

@article{Altman2017,
  title={P values and the search for significance},
  author={Ziliak, Steve},
  journal={Nature methods},
  volume={14},
  number={1},
  pages={3--4},
  year={2017}
}

@article{Andrade2019,
  title={The P value and statistical significance: misunderstandings, explanations, challenges, and alternatives},
  author={Andrade, Chittaranjan},
  journal={Indian journal of psychological medicine},
  volume={41},
  number={3},
  pages={210--215},
  year={2019},
  publisher={SAGE Publications Sage India: New Delhi, India}
}

@article{Betensky2019,
  title={The p-value requires context, not a threshold},
  author={Betensky, Rebecca A},
  journal={The American Statistician},
  volume={73},
  number={sup1},
  pages={115--117},
  year={2019},
  publisher={Taylor \& Francis}
}

@article{Lee2019,
  title={Before p< 0.05 to beyond p< 0.05: using history to contextualize p-values and significance testing},
  author={Kennedy-Shaffer, Lee},
  journal={The American Statistician},
  volume={73},
  number={sup1},
  pages={82--90},
  year={2019},
  publisher={Taylor \& Francis}
}

@article{Ioannidis2019,
  title={What have we (not) learnt from millions of scientific papers with P values?},
  author={Ioannidis, John PA},
  journal={The American Statistician},
  volume={73},
  number={sup1},
  pages={20--25},
  year={2019},
  publisher={Taylor \& Francis}
}

@article{Shafer2020,
author = {Glenn Shafer},
journal = {Finance \& Risk Engineering Lecture},
title = {{Let's replace p-values with betting outcomes!}},
year = {2020}
}

@article{Shafer2018,
author = {Glenn Shafer and Vladimir Vovk},
journal = {{The Game-Theoretic Probability and Finance Project, Working paper 4}},
title = {{The origins and legacy of Kolmogorov's Grundbegriffe}},
year = {2018},
url = {http://probabilityandfinance.com/articles/04.pdf}
}

@Book{shiryaev2016-1,
author = {Albert N. Shiryaev},
publisher = {Springer (Third Edition)},
title = {{Probability-1}},
year = {2016}
}

@Book{shiryaev2016-2,
author = {Albert N. Shiryaev},
publisher = {Springer (Third Edition)},
title = {{Probability-2}},
year = {2016}
}

@Book{capital2,
author = {马克思},
publisher = {人民出版社},
title = {资本论 （第二卷）},
year = {2004}
}

@Book{mmp-1953,
author = {R. Courant and D. Hilbert},
publisher = {Interscience Publishers},
title = {{Methods of Mathematical Physics: Volume I}},
year = {1953}
}

@Book{mmp-1962,
author = {R. Courant and D. Hilbert},
publisher = {Interscience Publishers},
title = {{Methods of Mathematical Physics: Volume II}},
year = {1962}
}

@Book{Ewald1996-1,
author = {William Ewald},
publisher = {Clarendon Press, Oxford},
title = {{From Kant to Hilbert: A Source Book in the Foundations of Mathematics (Volume I)}},
year = {1996}
}

@Book{Ewald1996-2,
author = {William Ewald},
publisher = {Clarendon Press, Oxford},
title = {{From Kant to Hilbert: A Source Book in the Foundations of Mathematics (Volume II)}},
year = {1996}
}

@article{Ville1936,
author = {Jean Ville},
journal = {{Comptes rendus des s\'e ances de l'Acad\'e mie des Sciences}},
title = {{Sur la notion de collectif}},
year = {1936}
}

@article{Ville1939,
author = {Jean Ville},
journal = {{Gauthier-Villars Paris}},
title = {{Etude critique de la collectif (Critique Research on Collective)}},
year = {1939}
}

@article{Breiman2001,
  title={Statistical modeling: The two cultures (with comments and a rejoinder by the author)},
  author={Breiman, Leo},
  journal={Statistical science},
  volume={16},
  number={3},
  pages={199--231},
  year={2001},
  publisher={Institute of Mathematical Statistics}
}

@article{Efron2020,
  title={Prediction, estimation, and attribution},
  author={Efron, Bradley},
  journal={International Statistical Review},
  volume={88},
  pages={S28--S59},
  year={2020},
  publisher={Wiley Online Library}
}

@Book{Kullback1968,
author = {Solomon Kullback},
publisher = {Dover Publications, Garden City, New York},
title = {{Information Theory and Statistics}},
year = {1968}
}

@Book{Bienvenu2022,
author={Bienvenu Laurent and Shafer Glenn and Shen Alexander},
editor={Mazliak Laurent and Shafer Glenn},
title={{Andrei Kolmogorov and Leonid Levin on Randomness}},
bookTitle={{The Splendors and Miseries of Martingales: Their History from the Casino to Mathematics}},
year={2022},
publisher={Springer International Publishing},
address={Cham},
pages={405--414},
}

@proceedings{Novikoff1962,
author = {A. Novikoff},
publisher = {{Proceedings of the Symposium on the Mathematical Theory of Automata} },
title = {On convergence proofs on perceptrons},
year = {1962}
}

@article{VanOyen2011,
  year = {2011},
  month = oct,
  publisher = {Springer Science and Business Media {LLC}},
  volume = {69},
  number = {1},
  author = {H Van Oyen and O Bruy{\`{e}}re},
  title = {Words,  words,  words},
  journal = {Archives of Public Health}
}

@article{Platt1999,
  title={Probabilistic outputs for support vector machines and comparisons to regularized likelihood methods},
  author={Platt, John and others},
  journal={Advances in large margin classifiers},
  volume={10},
  number={3},
  pages={61--74},
  year={1999},
  publisher={Cambridge, MA}
}
%---------------------------------------------------------------------------%
